%YAML 1.1
%TAG !u! tag:unity3d.com,2011:
--- !u!1 &6725617991087016846
GameObject:
  m_ObjectHideFlags: 0
  m_CorrespondingSourceObject: {fileID: 0}
  m_PrefabInstance: {fileID: 0}
  m_PrefabAsset: {fileID: 0}
  serializedVersion: 6
  m_Component:
  - component: {fileID: 6725617991087016847}
  - component: {fileID: 6725617991087016844}
  - component: {fileID: 6979878780373067401}
  - component: {fileID: -929985695392240347}
  m_Layer: 11
  m_Name: Rifle
  m_TagString: Untagged
  m_Icon: {fileID: 0}
  m_NavMeshLayer: 0
  m_StaticEditorFlags: 0
  m_IsActive: 1
--- !u!4 &6725617991087016847
Transform:
  m_ObjectHideFlags: 0
  m_CorrespondingSourceObject: {fileID: 0}
  m_PrefabInstance: {fileID: 0}
  m_PrefabAsset: {fileID: 0}
  m_GameObject: {fileID: 6725617991087016846}
  m_LocalRotation: {x: 0, y: 0, z: 0, w: 1}
  m_LocalPosition: {x: 0.93201, y: -0.8, z: -0.000020671636}
  m_LocalScale: {x: 6, y: 6, z: 6}
  m_Children:
  - {fileID: 6726240321285428952}
  m_Father: {fileID: 0}
  m_RootOrder: 0
  m_LocalEulerAnglesHint: {x: 0, y: 0, z: 0}
--- !u!114 &6725617991087016844
MonoBehaviour:
  m_ObjectHideFlags: 0
  m_CorrespondingSourceObject: {fileID: 0}
  m_PrefabInstance: {fileID: 0}
  m_PrefabAsset: {fileID: 0}
  m_GameObject: {fileID: 6725617991087016846}
  m_Enabled: 1
  m_EditorHideFlags: 0
  m_Script: {fileID: 11500000, guid: f3bde47f28a5f8445a94e1ca91021383, type: 3}
  m_Name: 
  m_EditorClassIdentifier: 
  Amount: 180
  Damage: 20
  AmmoType: 0
  WeaponReadySound: {fileID: -929985695392240347}
  IsAutomatic: 1
  FireRate: 0.05
  BulletsPerCartridge: 30
  Accuracy: 0.67
  ShootingCenter: {fileID: 0}
  FireEffect: {fileID: 6725617990404983810}
  BulletImpactEffect: {fileID: 894588443503761325, guid: 4c986e36ed4e8a44e9e586bebaed82c1,
    type: 3}
  EnemyImpactEffect: {fileID: 6886725735144367904, guid: 78cd1193933286b43ada50fdc28170ff,
    type: 3}
  FireSound: {fileID: 6979878780373067401}
--- !u!82 &6979878780373067401
AudioSource:
  m_ObjectHideFlags: 0
  m_CorrespondingSourceObject: {fileID: 0}
  m_PrefabInstance: {fileID: 0}
  m_PrefabAsset: {fileID: 0}
  m_GameObject: {fileID: 6725617991087016846}
  m_Enabled: 1
  serializedVersion: 4
  OutputAudioMixerGroup: {fileID: 0}
  m_audioClip: {fileID: 8300000, guid: 287eca07963cb8b4daef4cc48c24bb2b, type: 3}
  m_PlayOnAwake: 0
  m_Volume: 1
  m_Pitch: 1
  Loop: 0
  Mute: 0
  Spatialize: 0
  SpatializePostEffects: 0
  Priority: 128
  DopplerLevel: 1
  MinDistance: 5
  MaxDistance: 500
  Pan2D: 0
  rolloffMode: 0
  BypassEffects: 0
  BypassListenerEffects: 0
  BypassReverbZones: 0
  rolloffCustomCurve:
    serializedVersion: 2
    m_Curve:
    - serializedVersion: 3
      time: 0
      value: 1
      inSlope: 0
      outSlope: 0
      tangentMode: 0
      weightedMode: 0
      inWeight: 0.33333334
      outWeight: 0.33333334
    - serializedVersion: 3
      time: 1
      value: 0
      inSlope: 0
      outSlope: 0
      tangentMode: 0
      weightedMode: 0
      inWeight: 0.33333334
      outWeight: 0.33333334
    m_PreInfinity: 2
    m_PostInfinity: 2
    m_RotationOrder: 4
  panLevelCustomCurve:
    serializedVersion: 2
    m_Curve:
    - serializedVersion: 3
      time: 0
      value: 1
      inSlope: 0
      outSlope: 0
      tangentMode: 0
      weightedMode: 0
      inWeight: 0.33333334
      outWeight: 0.33333334
    m_PreInfinity: 2
    m_PostInfinity: 2
    m_RotationOrder: 4
  spreadCustomCurve:
    serializedVersion: 2
    m_Curve:
    - serializedVersion: 3
      time: 0
      value: 0
      inSlope: 0
      outSlope: 0
      tangentMode: 0
      weightedMode: 0
      inWeight: 0.33333334
      outWeight: 0.33333334
    m_PreInfinity: 2
    m_PostInfinity: 2
    m_RotationOrder: 4
  reverbZoneMixCustomCurve:
    serializedVersion: 2
    m_Curve:
    - serializedVersion: 3
      time: 0
      value: 1
      inSlope: 0
      outSlope: 0
      tangentMode: 0
      weightedMode: 0
      inWeight: 0.33333334
      outWeight: 0.33333334
    m_PreInfinity: 2
    m_PostInfinity: 2
    m_RotationOrder: 4
--- !u!82 &-929985695392240347
AudioSource:
  m_ObjectHideFlags: 0
  m_CorrespondingSourceObject: {fileID: 0}
  m_PrefabInstance: {fileID: 0}
  m_PrefabAsset: {fileID: 0}
  m_GameObject: {fileID: 6725617991087016846}
  m_Enabled: 1
  serializedVersion: 4
  OutputAudioMixerGroup: {fileID: 0}
  m_audioClip: {fileID: 8300000, guid: 7843e11997d60ca47bb89f0e8d8ace4c, type: 3}
  m_PlayOnAwake: 0
  m_Volume: 1
  m_Pitch: 1
  Loop: 0
  Mute: 0
  Spatialize: 0
  SpatializePostEffects: 0
  Priority: 128
  DopplerLevel: 1
  MinDistance: 30
  MaxDistance: 500
  Pan2D: 0
  rolloffMode: 0
  BypassEffects: 0
  BypassListenerEffects: 0
  BypassReverbZones: 0
  rolloffCustomCurve:
    serializedVersion: 2
    m_Curve:
    - serializedVersion: 3
      time: 0
      value: 1
      inSlope: 0
      outSlope: 0
      tangentMode: 0
      weightedMode: 0
      inWeight: 0.33333334
      outWeight: 0.33333334
    - serializedVersion: 3
      time: 1
      value: 0
      inSlope: 0
      outSlope: 0
      tangentMode: 0
      weightedMode: 0
      inWeight: 0.33333334
      outWeight: 0.33333334
    m_PreInfinity: 2
    m_PostInfinity: 2
    m_RotationOrder: 4
  panLevelCustomCurve:
    serializedVersion: 2
    m_Curve:
    - serializedVersion: 3
      time: 0
      value: 0
      inSlope: 0
      outSlope: 0
      tangentMode: 0
      weightedMode: 0
      inWeight: 0.33333334
      outWeight: 0.33333334
    m_PreInfinity: 2
    m_PostInfinity: 2
    m_RotationOrder: 4
  spreadCustomCurve:
    serializedVersion: 2
    m_Curve:
    - serializedVersion: 3
      time: 0
      value: 0
      inSlope: 0
      outSlope: 0
      tangentMode: 0
      weightedMode: 0
      inWeight: 0.33333334
      outWeight: 0.33333334
    m_PreInfinity: 2
    m_PostInfinity: 2
    m_RotationOrder: 4
  reverbZoneMixCustomCurve:
    serializedVersion: 2
    m_Curve:
    - serializedVersion: 3
      time: 0
      value: 1
      inSlope: 0
      outSlope: 0
      tangentMode: 0
      weightedMode: 0
      inWeight: 0.33333334
      outWeight: 0.33333334
    m_PreInfinity: 2
    m_PostInfinity: 2
    m_RotationOrder: 4
--- !u!1001 &3352728367178185081
PrefabInstance:
  m_ObjectHideFlags: 0
  serializedVersion: 2
  m_Modification:
    m_TransformParent: {fileID: 6725617991087016847}
    m_Modifications:
    - target: {fileID: 8345584909241855003, guid: 0bb70119a00fa504daf50669268a6044,
        type: 3}
      propertyPath: m_IsActive
      value: 0
      objectReference: {fileID: 0}
    - target: {fileID: 8345875093939373745, guid: 0bb70119a00fa504daf50669268a6044,
        type: 3}
      propertyPath: m_Name
      value: M4_8
      objectReference: {fileID: 0}
    - target: {fileID: 8345875093939373745, guid: 0bb70119a00fa504daf50669268a6044,
        type: 3}
      propertyPath: m_Layer
      value: 15
      objectReference: {fileID: 0}
    - target: {fileID: 8349444189752618913, guid: 0bb70119a00fa504daf50669268a6044,
        type: 3}
      propertyPath: m_LocalPosition.x
      value: -0.01366505
      objectReference: {fileID: 0}
    - target: {fileID: 8349444189752618913, guid: 0bb70119a00fa504daf50669268a6044,
        type: 3}
      propertyPath: m_LocalPosition.y
      value: 0
      objectReference: {fileID: 0}
    - target: {fileID: 8349444189752618913, guid: 0bb70119a00fa504daf50669268a6044,
        type: 3}
      propertyPath: m_LocalPosition.z
      value: 0.30833787
      objectReference: {fileID: 0}
    - target: {fileID: 8349444189752618913, guid: 0bb70119a00fa504daf50669268a6044,
        type: 3}
      propertyPath: m_LocalRotation.x
      value: 0
      objectReference: {fileID: 0}
    - target: {fileID: 8349444189752618913, guid: 0bb70119a00fa504daf50669268a6044,
        type: 3}
      propertyPath: m_LocalRotation.y
      value: 1
      objectReference: {fileID: 0}
    - target: {fileID: 8349444189752618913, guid: 0bb70119a00fa504daf50669268a6044,
        type: 3}
      propertyPath: m_LocalRotation.z
      value: 0
      objectReference: {fileID: 0}
    - target: {fileID: 8349444189752618913, guid: 0bb70119a00fa504daf50669268a6044,
        type: 3}
      propertyPath: m_LocalRotation.w
      value: 0
      objectReference: {fileID: 0}
    - target: {fileID: 8349444189752618913, guid: 0bb70119a00fa504daf50669268a6044,
        type: 3}
      propertyPath: m_RootOrder
      value: 0
      objectReference: {fileID: 0}
    - target: {fileID: 8349444189752618913, guid: 0bb70119a00fa504daf50669268a6044,
        type: 3}
      propertyPath: m_LocalEulerAnglesHint.x
      value: 0
      objectReference: {fileID: 0}
    - target: {fileID: 8349444189752618913, guid: 0bb70119a00fa504daf50669268a6044,
        type: 3}
      propertyPath: m_LocalEulerAnglesHint.y
      value: 180
      objectReference: {fileID: 0}
    - target: {fileID: 8349444189752618913, guid: 0bb70119a00fa504daf50669268a6044,
        type: 3}
      propertyPath: m_LocalEulerAnglesHint.z
      value: 0
      objectReference: {fileID: 0}
    m_RemovedComponents: []
  m_SourcePrefab: {fileID: 100100000, guid: 0bb70119a00fa504daf50669268a6044, type: 3}
--- !u!4 &6726240321285428952 stripped
Transform:
  m_CorrespondingSourceObject: {fileID: 8349444189752618913, guid: 0bb70119a00fa504daf50669268a6044,
    type: 3}
  m_PrefabInstance: {fileID: 3352728367178185081}
  m_PrefabAsset: {fileID: 0}
--- !u!198 &6725617990404983810 stripped
ParticleSystem:
  m_CorrespondingSourceObject: {fileID: 8345584909256439163, guid: 0bb70119a00fa504daf50669268a6044,
    type: 3}
  m_PrefabInstance: {fileID: 3352728367178185081}
  m_PrefabAsset: {fileID: 0}
